<record xmlns="http://www.loc.gov/MARC21/slim" xmlns:xsi="http://www.w3.org/2001/XMLSchema-instance" xsi:schemaLocation="http://www.loc.gov/MARC21/slim http://www.loc.gov/standards/marcxml/schema/MARC21slim.xsd">

  <leader>00941nab a22001577a 4500</leader>
  <controlfield tag="008">150603b1998    cr f|||| |||| 00| 0 spa d</controlfield>
  <datafield ind1=" " tag="090" ind2=" ">
    <subfield code="a">REVIS 06.02.01</subfield>
  </datafield>
  <datafield ind1="1" ind2=" " tag="100">
    <subfield code="9">128</subfield>
    <subfield code="a">Ramírez Porras, Arturo</subfield>
  </datafield>
  <datafield ind2="0" tag="245" ind1="1">
    <subfield code="a">Hacia el mejoramiento en el aprendizaje de las ciencias físicas en el nivel universitario /</subfield>
    <subfield code="c">Arturo Ramirez Porras</subfield>
  </datafield>
  <datafield ind1=" " tag="260" ind2=" ">
    <subfield code="a">San José, Costa Rica :</subfield>
    <subfield code="b">Editorial Universidad de Costa Rica,</subfield>
    <subfield code="c">1998</subfield>
  </datafield>
  <datafield ind2=" " tag="300" ind1=" ">
    <subfield code="a">páginas 115-131</subfield>
  </datafield>
  <datafield ind1=" " ind2=" " tag="520">
    <subfield code="a">El artículo da a conocer los aspectos más importantes de una experiencia preliminar en la aplicación del modelo de supervisión capacitante, en el campo de la supervisión educativa docente, en la Carrera de Trabajo Social, Sede de Guanacaste, Universidad de Costa Rica</subfield>
  </datafield>
  <datafield ind1="1" tag="650" ind2="4">
    <subfield code="9">1</subfield>
    <subfield code="a">EDUCACIÓN</subfield>
  </datafield>
  <datafield ind1="0" tag="773" ind2=" ">
    <subfield code="d">San José, Costa Rica : Editorial de la Universidad de Costa Rica, 1997-</subfield>
    <subfield code="o">R0021</subfield>
    <subfield code="t">EDUCACIÓN: Revista de la Universidad de Costa Rica</subfield>
    <subfield code="g">Vol.22, no.2 (1998)</subfield>
  </datafield>
  <datafield ind1=" " ind2=" " tag="942">
    <subfield code="2">z</subfield>
    <subfield code="c">10</subfield>
  </datafield>
  <datafield tag="999" ind2=" " ind1=" ">
    <subfield code="c">2610</subfield>
    <subfield code="d">2610</subfield>
  </datafield>
</record>